@misc{web:SCS,
  author = {C. Augusto and E. Fonseca and L. Marques and S. Correa and R. Cerqueira },
  Lastchecked = {1 June, 2012},
  Month = may,
  Title = {{SCS}: Software Component System},
  Url = "http://www.tecgraf.puc-rio.br/scs",
  howpublished = "\url{http://www.tecgraf.puc-rio.br/scs}",
  year = "2006"}

@misc{web:OPENBUS,
  Author = {TecGraf},
  Lastchecked = {1 June, 2012},
  Title = {{OpenBus - Enterprise Integration Application Middleware}},
  Url = {http://www.tecgraf.puc-rio.br/openbus},
  howpublished = "\url{http://www.tecgraf.puc-rio.br/openbus}",
  Year = {2006}}

@MANUAL{omg08corbaspec,
  key = "OMG",
  Title = {The Common Object Request Broker Architecture (CORBA) Specification - Version 3.1},
  Organization = {Object Management Group},
  Month = jan,
  Note = {document: formal/2008-01-04},
  Year = 2008}

@MANUAL{ob2.0protospec,
  author = {Renato Maia},
  title = {Protocolo de Acesso do OpenBus 2.0},
  organization = {Tecgraf},
  year = {2012}}

@MANUAL{collaboration1.0,
  author = {TecGraf},
  title = {Manual de referência do Serviço de Colaboração 1.0},
  organization = {Tecgraf},
  year = {2012}}

@MANUAL{sdk2.0.0-java,
  author = {TecGraf},
  title = {Tutorial do SDK Java 2.0.0},
  organization = {Tecgraf},
  year = {2012}}

@MANUAL{sdk2.0.0-cpp,
  author = {TecGraf},
  title = {Tutorial do SDK C++ 2.0.0},
  organization = {Tecgraf},
  year = {2012}}

@MANUAL{sdk2.0.0-csharp,
  author = {TecGraf},
  title = {Tutorial do SDK C\# 2.0.0},
  organization = {Tecgraf},
  year = {2012}}

@MANUAL{sdk2.0.0-lua,
  author = {TecGraf},
  title = {Tutorial do SDK Lua 2.0.0},
  organization = {Tecgraf},
  year = {2012}}

@book{erl2005service,
  title={Service-oriented architecture: concepts, technology, and design},
  author={Erl, T.},
  year={2005},
  publisher={Prentice Hall PTR}
}
