@misc{petrobras,
  author = {M. J. Amaral},
  title = {{Integração e Interoperabilidade. Relatório Final de Prospecção}},
  year = 2006,
  address = {Tecnologia da Informação, Petrobras},
  note = {{TI - IDTA - AT}}
}

@misc{openspirit,
  author = {{The OpenSpirit Corporation}},
  title = {{OpenSpirit - Products}},
  year = 2006,
  note = "\verb|http://http://www.openspirit.com/products.html|"
}

@Book{Newcomer2002,
  author = {E. Newcomer},
  title = {Understanding Web Services: XML, WSDL, SOAP and UDDI},
  publisher = {Addison-Wesley},
  year =  {2002}
}

@article{Vogels2003,
  author = {W. Vogels},
  title = {Web Services Are Not Distributed Objects},
  journal = {IEEE Internet Computing},
  number =  6,
  volume = 7,
  pages = "59--66",
  month = {November/December},
  year =  {2003}
}

@article{Vinoski2002,
  author = {S. Vinoski},
  title = {{Web Services Interaction Models -- Part {I}}},
  journal = {IEEE Internet Computing},
  number =  3,
  volume = 6,
  pages = "89--91",
  month = {May/June},
  year =  {2002}
}

@article{Vinoski20022,
  author = {S. Vinoski},
  title = {Putting the {``Web´´} into {Web Services}: {Web Services Interaction Models, Part 2}},
  journal = {IEEE Internet Computing},
  number =  4,
  volume = 6,
  pages = "90--92",
  month = {July/August},
  year =  {2002}
}

@misc{JBI2005,
  author = {R. Ten-Hove and P.Walker},
  title = {{JSR 208: Java Business Integration (JBI) 1.0}},
  year = 2005,
  month = aug,
  note = "\verb|http://www.jcp.org/en/jsr/detail?id=208|"
}

@Book{Bolton2002,
  author = {F.Bolton},
  title = {Pure CORBA},
  publisher = {Sams Publishing},
  year =  {2002}
}

